% This file was created with JabRef 2.6.
% Encoding: UTF-8

@inproceedings{russo2010dynamic,
  title={Dynamic vs. static flow-sensitive security analysis},
  author={Russo, Alejandro and Sabelfeld, Andrei},
  booktitle={Computer Security Foundations Symposium (CSF), 2010 23rd IEEE},
  pages={186--199},
  year={2010},
  organization={IEEE}
}

@article{cruz2018dynamic,
  title={Dynamic classifier selection: Recent advances and perspectives},
  author={Cruz, Rafael MO and Sabourin, Robert and Cavalcanti, George DC},
  journal={Information Fusion},
  volume={41},
  pages={195--216},
  year={2018},
  publisher={Elsevier}
}

@article{tam2017evolution,
  title={The evolution of android malware and android analysis techniques},
  author={Tam, Kimberly and Feizollah, Ali and Anuar, Nor Badrul and Salleh, Rosli and Cavallaro, Lorenzo},
  journal={ACM Computing Surveys (CSUR)},
  volume={49},
  number={4},
  pages={76},
  year={2017},
  publisher={ACM}
}

@inproceedings{felt2011android,
  title={Android permissions demystified},
  author={Felt, Adrienne Porter and Chin, Erika and Hanna, Steve and Song, Dawn and Wagner, David},
  booktitle={Proceedings of the 18th ACM conference on Computer and communications security},
  pages={627--638},
  year={2011},
  organization={ACM}
}

@inproceedings{barrera2010methodology,
  title={A methodology for empirical analysis of permission-based security models and its application to android},
  author={Barrera, David and Kayacik, H G{\"u}ne{\c{s}} and van Oorschot, Paul C and Somayaji, Anil},
  booktitle={Proceedings of the 17th ACM conference on Computer and communications security},
  pages={73--84},
  year={2010},
  organization={ACM}
}

@inproceedings{jiang2012dissecting,
  title={Dissecting android malware: Characterization and evolution},
  author={Jiang, Xuxian and Zhou, Yajin},
  booktitle={2012 IEEE Symposium on Security and Privacy},
  pages={95--109},
  year={2012},
  organization={IEEE}
}

@inproceedings{wei2014amandroid,
  title={Amandroid: A precise and general inter-component data flow analysis framework for security vetting of android apps},
  author={Wei, Fengguo and Roy, Sankardas and Ou, Xinming and others},
  booktitle={Proceedings of the 2014 ACM SIGSAC Conference on Computer and Communications Security},
  pages={1329--1341},
  year={2014},
  organization={ACM}
}

@article{arzt2014flowdroid,
  title={Flowdroid: Precise context, flow, field, object-sensitive and lifecycle-aware taint analysis for android apps},
  author={Arzt, Steven and Rasthofer, Siegfried and Fritz, Christian and Bodden, Eric and Bartel, Alexandre and Klein, Jacques and Le Traon, Yves and Octeau, Damien and McDaniel, Patrick},
  journal={Acm Sigplan Notices},
  volume={49},
  number={6},
  pages={259--269},
  year={2014},
  publisher={ACM}
}

@misc{androidpermissions,
  title={Request App Permissions. Google Android Documentation.},
  url = {https://developer.android.com/training/permissions/requesting},
  note = {Accessed: 12-10-2018},
  year={2018}
}

@article{kolias2017ddos,
  title={DDoS in the IoT: Mirai and other botnets},
  author={Kolias, Constantinos and Kambourakis, Georgios and Stavrou, Angelos and Voas, Jeffrey},
  journal={Computer},
  volume={50},
  number={7},
  pages={80--84},
  year={2017},
  publisher={IEEE}
}

@inproceedings{al2017internet,
  title={Internet of Things (IoT) communication protocols},
  author={Al-Sarawi, Shadi and Anbar, Mohammed and Alieyan, Kamal and Alzubaidi, Mahmood},
  booktitle={Information Technology (ICIT), 2017 8th International Conference on},
  pages={685--690},
  year={2017},
  organization={IEEE}
}

@inproceedings{zhang2014iot,
  title={IoT security: ongoing challenges and research opportunities},
  author={Zhang, Zhi-Kai and Cho, Michael Cheng Yi and Wang, Chia-Wei and Hsu, Chia-Wei and Chen, Chong-Kuan and Shieh, Shiuhpyng},
  booktitle={Service-Oriented Computing and Applications (SOCA), 2014 IEEE 7th International Conference on},
  pages={230--234},
  year={2014},
  organization={IEEE}
}

@book{raj2017internet,
  title={The Internet of Things: Enabling technologies, platforms, and use cases},
  author={Raj, Pethuru and Raman, Anupama C},
  year={2017},
  publisher={Auerbach Publications}
}

@article{tan2015securing,
  title={Securing android: a survey, taxonomy, and challenges},
  author={Tan, Darell JJ and Chua, Tong-Wei and Thing, Vrizlynn LL and others},
  journal={ACM Computing Surveys (CSUR)},
  volume={47},
  number={4},
  pages={58},
  year={2015},
  publisher={ACM}
}

@misc{ycraig,
  title={Googleâ€™s Newest Feature: Find My Home.},
  url = {https://www.tripwire.com/state-of-security/vert/googles-newest-feature-find-my-home/},
  author={Young, C.},
  note = {Accessed: 10-11-2018},
  year={2018}
}

@misc{iotmarket,
  title={Market Pulse Report, Internet of Things},
  author={GrowthEnabler},
  url = {https://growthenabler.com/flipbook/pdf/IOT%20Report.pdf},
  note = {Accessed: 05-03-2018},
  year={2017}
}

@article{minerva2015towards,
  title={Towards a definition of the Internet of Things},
  author={Minerva, Roberto and Biru, Abyi and Rotondi, Domenico},
  journal={IEEE Internet Initiative},
  volume={1},
  pages={1--86},
  year={2015}
}

@misc{rasthofer2014api,
  title={SuSi Android APIs},
  url = {https://github.com/Sable/android-platforms},
  note = {Accessed: 01-11-2018},
  year={2018}
}

@misc{hiddenapi,
  title={Android Hidden APIs},
  url = {https://github.com/anggrayudi/android-hidden-api},
  note = {Accessed: 01-11-2018},
  year={2018}
}

@inproceedings{schwartz2010all,
  title={All you ever wanted to know about dynamic taint analysis and forward symbolic execution (but might have been afraid to ask)},
  author={Schwartz, Edward J and Avgerinos, Thanassis and Brumley, David},
  booktitle={Security and privacy (SP), 2010 IEEE symposium on},
  pages={317--331},
  year={2010},
  organization={IEEE}
}

@book{aho2003compilers,
  title={Compilers: principles, techniques and tools (for Anna University), 2/e},
  author={Aho, Alfred V},
  year={2003},
  publisher={Pearson Education India}
}

@inproceedings{rasthofer2014machine,
  title={A Machine-learning Approach for Classifying and Categorizing Android Sources and Sinks.},
  author={Rasthofer, Siegfried and Arzt, Steven and Bodden, Eric},
  booktitle={Network and Distributed System Security Symposium NDSS},
  year={2014}
}

@misc{androidcoderef,
  title={AOSP Java Code Style for Contributors},
  url = {https://source.android.com/setup/contribute/code-style},
  note = {Accessed: 12-10-2018},
  year={2018}
}

@book{mccabe2003network,
  Author = {James D. McCabe},
  Title = {Network Analysis, Architecture and Design, Second Edition (The Morgan Kaufmann Series in Networking)},
  Publisher = {Morgan Kaufmann},
  Year = {2003},
  ISBN = {1558608877},
  url = {https://www.amazon.com/Network-Analysis-Architecture-Kaufmann-Networking/dp/1558608877?SubscriptionId=AKIAIOBINVZYXZQZ2U3A&tag=chimbori05-20&linkCode=xm2&camp=2025&creative=165953&creativeASIN=1558608877}
}

@article{viet2010specifying,
  title={Specifying and enforcing a fine-grained information flow policy: Model and experiments},
  author={Viet Triem Tong, Val{\'e}rie and Clark, Andrew J and M{\'e}, Ludovic},
  journal={Journal of Wireless Mobile Networks, Ubiquitous Computing, and Dependable Applications},
  volume={1},
  number={1},
  pages={56--71},
  year={2010}
}

@inproceedings{fernandes2016flowfence,
  title={FlowFence: Practical Data Protection for Emerging IoT Application Frameworks.},
  author={Fernandes, Earlence and Paupore, Justin and Rahmati, Amir and Simionato, Daniel and Conti, Mauro and Prakash, Atul},
  booktitle={USENIX Security Symposium},
  pages={531--548},
  year={2016}
}

@inproceedings{sun2017data,
  title={Data-Oriented Instrumentation against Information Leakages of Android Applications},
  author={Sun, Cong and Feng, Pengbin and Li, Teng and Ma, Jianfeng},
  booktitle={2017 IEEE 41st Annual Computer Software and Applications Conference (COMPSAC)},
  pages={485--490},
  year={2017},
  organization={IEEE}
}

@inproceedings{myers1999jflow,
  title={JFlow: Practical mostly-static information flow control},
  author={Myers, Andrew C},
  booktitle={Proceedings of the 26th ACM SIGPLAN-SIGACT symposium on Principles of programming languages},
  pages={228--241},
  year={1999},
  organization={ACM}
}

@inproceedings{vallee2000optimizing,
  title={Optimizing Java bytecode using the Soot framework: Is it feasible?},
  author={Vall{\'e}e-Rai, Raja and Gagnon, Etienne and Hendren, Laurie and Lam, Patrick and Pominville, Patrice and Sundaresan, Vijay},
  booktitle={International conference on compiler construction},
  pages={18--34},
  year={2000},
  organization={Springer}
}

@article{li2017static,
  title={Static analysis of android apps: A systematic literature review},
  author={Li, Li and Bissyand{\'e}, Tegawend{\'e} F and Papadakis, Mike and Rasthofer, Siegfried and Bartel, Alexandre and Octeau, Damien and Klein, Jacques and Traon, Le},
  journal={Information and Software Technology},
  volume={88},
  pages={67--95},
  year={2017},
  publisher={Elsevier}
}

@inproceedings{gordon2015information,
  title={Information Flow Analysis of Android Applications in DroidSafe.},
  author={Gordon, Michael I and Kim, Deokhwan and Perkins, Jeff H and Gilham, Limei and Nguyen, Nguyen and Rinard, Martin C},
  booktitle={NDSS},
  volume={15},
  pages={110},
  year={2015}
}

@article{sasaki2007truth,
  title={The truth of the F-measure},
  author={Sasaki, Yutaka and others},
  journal={Teach Tutor mater},
  volume={1},
  number={5},
  pages={1--5},
  year={2007}
}

